%%%% Modelo para bibliografia - bibtex!

%%%manuais
@misc{lora-modulation-basics,
    author = {Semtech},
    title = {\uppercase{LoRa Modulation Basics}},
    year = {2015},
    Note = {Acesso em 31 de Maio de 2018},
    howpublished={Disponível em: \url{https://www.semtech.com/uploads/documents/an1200.22.pdf}}
}

@misc{Understa51:online,
    author = {STMicroelectronics},
    title = {\uppercase{Understanding and minimising ADC conversion errors}},
    howpublished={Disponível em: \url{http://www.st.com/content/ccc/resource/technical/document/application_note/9d/56/66/74/4e/97/48/93/CD00004444.pdf/files/CD00004444.pdf/jcr:content/translations/en.CD00004444.pdf}},
    year = {2003},
    note = {Acesso em: 10 de Abril de 2018}
}

@misc{ATmega3218:online,
    author = {Atmel},
    title = {\uppercase{ATmega328/P}},
    howpublished={Disponível em: \url{http://ww1.microchip.com/downloads/en/DeviceDoc/Atmel-42735-8-bit-AVR-Microcontroller-ATmega328-328P_Datasheet.pdf}},
    month = {11},
    year = {2016},
    note = {Acesso em: 04 de Agosto de 2018}
}

@misc{ADCInteg19:online,
    author = {Microchip Technology},
    title = {\uppercase{ADC Integral Nonlinearity (INL) - Developer Help}},
    howpublished={Disponível em: \url{http://microchipdeveloper.com/adc:adc-inl}},
    year = {2018},
    note = {Acesso em: 11 de Abril de 2018}
}


%%% TCC ou trabalhos de conclusão de curso em geral (especialização, relatorio de estagio, mestrado, doutorado)
@monography{tcc:matheus-neis,
    Author = {Matheus Piotroski Neis},
    type = {Trabalho de Conclusão de Curso},
    Title = {\uppercase{Implementação de Rede LoRa no Sistema de
    Transporte Intracampus da UFSM}},
    Year = {2017},
    school  = {Curso de Graduação em Engenharia de Computação, Universidade Federal de Santa Maria},
    org-short = {UFSM},
    address = {Santa Maria},
}


%%% tese de doutorado

@phdthesis{zhang2014signal,
  title={\uppercase{Signal acquisition and processing of biomedical vital signs for ubiquitous healthcare}},
  author={Zhang, Fan},
  year={2014}
}

%%%% livro
@book{tan2013energy,
  title={\uppercase{Energy harvesting autonomous sensor systems: design, analysis, and practical implementation}},
  author={Tan, Yen Kheng},
  year={2013},
  publisher={CRC Press}
}

@book{book:1681103,
   title =     {\uppercase{Digital Communications. Fundamentals and Applications}},
   author =    {Bernard Sklar, Pabitra Kumar Ray},
   publisher = {Pearson},
   isbn =      {9788131720929},
   year =      {2014},
   series =    {},
   edition =   {2},
   volume =    {},
   howpublished={Disponível em: \url{http://gen.lib.rus.ec/book/index.php?md5=5482c369446aef9706ad1b315c811673}}
}

@book{book:1039396,
   title =     {\uppercase{An Introduction to Analog and Digital Communications}},
   author =    {Simon S. Haykin, Michael Moher},
   publisher = {Wiley},
   isbn =      {0471432229,9780471432227},
   year =      {2006},
   series =    {},
   edition =   {2},
   volume =    {},
   howpublished={Disponível em: \url{http://gen.lib.rus.ec/book/index.php?md5=4b6f112804d2cf17b78d7adb663346c8}}
}

@book{forster2016introduction,
  title={\uppercase{Introduction to Wireless Sensor Networks}},
  author={F{\"o}rster, Anna},
  year={2016},
  publisher={John Wiley \& Sons}
}


@book{livro:sistemas-digitais,
    title={\uppercase{Sistemas Digitais - Fundamentos e Aplicações}},
    author={Tom Floyd},
    year={2007},
    pages={888},
    publisher={Bookman}
}

%%%% livro de uma série

@book{livro:discrete-time-signal-processing,
    title={\uppercase{Discrete-Time Signal Processing}},
    author={Alan V. Oppenheim, Ronald W. Schafer},
    series={Prentice-Hall Signal Processing Series},
    year={2009},
    pages={1120},
    publisher={Pearson}
}

%%%%% capítulo específico (autor da capitulo = autor do livro)


@book{fortino2018wearable,
  title={\uppercase{Wearable Computing: From Modeling to Implementation of Wearable Systems based on Body Sensor Networks}},
  author={Fortino, Giancarlo and Gravina, Raffaele and Galzarano, Stefano},
  year={2018},
  publisher={John Wiley \& Sons}
}

%%%%% capítulo específico (autor da capitulo != autor do livro ))

@incollection{espina2014network,
  title={\uppercase{Network topologies, communication protocols, and standards}},
  author={Espina, Javier and Falck, Thomas and Panousopoulou, Athanasia and Schmitt, Lars and M{\"u}lhens, Oliver and Yang, Guang-Zhong},
  booktitle={Body sensor networks},
  pages={189--236},
  year={2014},
  publisher={Springer}
}

%%%%% livros com diversos volumes



%%%% entrada para apud



%%% artigos em periódicos

@article{augustin2016study,
  journal={Sensors},
  title={\textbf{\uppercase{A study of LoRa: Long range \& low power networks for the internet of things}}},
  author={Augustin, Alo{\"y}s and Yi, Jiazi and Clausen, Thomas and Townsley, William Mark},
  volume={16},
  number={9},
  pages={1466},
  year={2016},
  publisher={Multidisciplinary Digital Publishing Institute}
}


% ADICIONADO POR MIM
@article{shoup2006cruising,
  title={\uppercase{\textbf{Cruising for parking}}},
  author={Shoup, Donald C},
  journal={Transport Policy},
  volume={13},
  number={6},
  pages={479--486},
  year={2006},
  publisher={Elsevier}
}

@inproceedings{zhang2010energy,
  title={\uppercase{Energy-efficient duty cycle assignment for receiver-based convergecast in wireless sensor networks}},
  author={Zhang, Yuqun and Feng, Chen-Hsiang and Demirkol, Ilker and Heinzelman, Wendi B},
  booktitle={Global Telecommunications Conference (GLOBECOM 2010), 2010 IEEE},
  pages={1--5},
  year={2010},
  organization={IEEE}
}

@inproceedings{vasilescu2005data,
  title={\uppercase{Data collection, storage, and retrieval with an underwater sensor network}},
  author={Vasilescu, Iuliu and Kotay, Keith and Rus, Daniela and Dunbabin, Matthew and Corke, Peter},
  booktitle={Proceedings of the 3rd international conference on Embedded networked sensor systems},
  pages={154--165},
  year={2005},
  organization={ACM}
}

@inproceedings{zhang2004hardware,
  title={\uppercase{Hardware design experiences in ZebraNet}},
  author={Zhang, Pei and Sadler, Christopher M and Lyon, Stephen A and Martonosi, Margaret},
  booktitle={Proceedings of the 2nd international conference on Embedded networked sensor systems},
  pages={227--238},
  year={2004},
  organization={ACM}
}

% ADICIONADO POR MIM
@inproceedings{joshi2016cloud,
  title={\uppercase{Cloud computing based smart garbage monitoring system}},
  author={Joshi, Jetendra and Reddy, Joshitha and Reddy, Praneeth and Agarwal, Akshay and Agarwal, Rahul and Bagga, Amrit and Bhargava, Abhinandan},
  booktitle={Electronic Design (ICED), 2016 3rd International Conference on},
  pages={70--75},
  year={2016},
  organization={IEEE}
}

@inproceedings{ibrahim2016automated,
  title={\uppercase{Automated water tank filtration system using LDR sensor}},
  author={Ibrahim, S Noorjannah and Hakim, MS Lokman and Asnawi, Ani Liza and Malik, Naheed A},
  booktitle={Computer and Communication Engineering (ICCCE), 2016 International Conference on},
  pages={195--199},
  year={2016},
  organization={IEEE}
}

% ADICIONADO POR MIM
@article{puccinelli2005wireless,
  title={\uppercase{Wireless sensor networks: applications and challenges of ubiquitous sensing}},
  author={Puccinelli, Daniele and Haenggi, Martin},
  journal={IEEE Circuits and systems magazine},
  volume={5},
  number={3},
  pages={19--31},
  year={2005},
  publisher={IEEE}
}

% ADICIONADO POR MIM

@book{book:619676,
   title =     {\uppercase{Data and Computer Communications}},
   author =    {William Stallings},
   publisher = {Prentice Hall},
   isbn =      {0132433109,9780132433105},
   year =      {2006},
   series =    {},
   edition =   {8},
   volume =    {},
   howpublished={Disponível em: \url{http://gen.lib.rus.ec/book/index.php?md5=0106D7EDA59BA1494B9B72472CB0A3D7}}
}

@article{ojha2015wireless,
  title={\uppercase{Wireless sensor networks for agriculture: The state-of-the-art in practice and future challenges}},
  author={Ojha, Tamoghna and Misra, Sudip and Raghuwanshi, Narendra Singh},
  journal={Computers and Electronics in Agriculture},
  volume={118},
  pages={66--84},
  year={2015},
  publisher={Elsevier}
}

% ADICIONADO POR MIM
@article{oliveira2011wireless,
  title={\uppercase{Wireless Sensor Networks: A Survey on Environmental Monitoring}},
  author={Oliveira, Lu{\'\i}s ML and Rodrigues, Joel JPC},
  journal={JCM},
  volume={6},
  number={2},
  pages={143--151},
  year={2011}
}

% ADICIONADO POR MIM
@article{hollands2008will,
  title={\uppercase{Will the real smart city please stand up? Intelligent, progressive or entrepreneurial?}},
  author={Hollands, Robert G},
  journal={City},
  volume={12},
  number={3},
  pages={307},
  year={2008},
  publisher={Taylor \& Francis}
}

% ADICIONADO POR MIM
@article{buratti2009overview,
  title={\uppercase{An overview on wireless sensor networks technology and evolution}},
  author={Buratti, Chiara and Conti, Andrea and Dardari, Davide and Verdone, Roberto},
  journal={Sensors},
  volume={9},
  number={9},
  pages={6869--6896},
  year={2009},
  publisher={Molecular Diversity Preservation International}
}

% ADICIONADO POR MIM
@article{nordrum2016popular,
  title={\uppercase{Popular internet of things forecast of 50 billion devices by 2020 is outdated}},
  author={Nordrum, Amy},
  journal={IEEE Spectrum},
  volume={18},
  year={2016}
}

% ADICIONADO POR MIM
@article{luke1999origins,
  title={\uppercase{The origins of the sampling theorem}},
  author={Luke, Hans Dieter},
  journal={IEEE Communications Magazine},
  volume={37},
  number={4},
  pages={106--108},
  year={1999},
  publisher={IEEE}
}

% ADICIONADO POR MIM
@article{lopes2014processo,
  title={\uppercase{Processo de convers{\~a}o A/D para aquisi{\c{c}}{\~a}o de sinais mioel{\'e}tricos}},
  author={Lopes, Ricardo Filipe Gon{\c{c}}alves},
  year={2014}
}

% ADICIONADO POR MIM
@article{renna2007evolution,
  title={\uppercase{The Evolution Of Microelectronics--Hybrid Devices}},
  author={Renna, Lucio and Galati, Clelia},
  year={2007},
  publisher={Universita'degli Studi di Catania}
}

@misc{Lightdep67:online,
    author = {Lednique},
    title = {\uppercase{Light dependent resistor (LDR) | LEDnique}},
    howpublished={Disponível em: \url{http://lednique.com/opto-isolators-2/light-dependent-resistor-ldr/}},
    month = {08},
    year = {2017},
    note = {Acesso em: 28 de Abril de 2018}
}

@misc{LightDep25:online,
    author = {Ian Poole},
    title = {\uppercase{Light Dependent Resistor LDR | Photoresistor | Radio-Electronics.com}},
    howpublished={Disponível em: \url{http://www.radio-electronics.com/info/data/resistor/ldr/light_dependent_resistor.php}},
    month = {03},
    year = {2006},
    note = {Accesso em 28 de Abril de 2018}
}

@article{noro2017common,
  title={\uppercase{Common-mode noise cancellation circuit for wearable ECG}},
  author={Noro, Mutsumi and Anzai, Daisuke and Wang, Jianqing},
  journal={Healthcare technology letters},
  volume={4},
  number={2},
  pages={64},
  year={2017},
  publisher={IET}
}

%%%% anais de eventos

@inproceedings{wu2007robust,
  title={\uppercase{Robust parking space detection considering inter-space correlation}},
  author={Wu, Qi and Huang, Chingchun and Wang, Shih-yu and Chiu, Wei-chen and Chen, Tsuhan},
  booktitle={Multimedia and Expo, 2007 IEEE International Conference on},
  pages={659--662},
  year={2007},
  organization={IEEE}
}

@inproceedings{ichihashi2009vacant,
  title={\uppercase{Vacant parking space detector for outdoor parking lot by using surveillance camera and FCM classifier}},
  author={Ichihashi, Hidetomo and Notsu, Akira and Honda, Katsuhiro and Katada, Tatsuya and Fujiyoshi, Makoto},
  booktitle={Fuzzy Systems, 2009. FUZZ-IEEE 2009. IEEE International Conference on},
  pages={127--134},
  year={2009},
  organization={IEEE}
}

@inproceedings{lee2008intelligent,
  title={\uppercase{Intelligent parking lot application using wireless sensor networks}},
  author={Lee, Sangwon and Yoon, Dukhee and Ghosh, Amitabha},
  booktitle={Collaborative Technologies and Systems, 2008. CTS 2008. International Symposium on},
  pages={48--57},
  year={2008},
  organization={IEEE}
}

@inproceedings{barton2007d,
  title={\uppercase{The D-Systems project-wireless sensor networks for car-park management}},
  author={Barton, John and Buckley, John and Benson, JP and Roedig, U and Sreenan, C and others},
  booktitle={Vehicular Technology Conference, 2007. VTC2007-Spring. IEEE 65th},
  pages={170--173},
  year={2007},
  organization={IEEE}
}

@inproceedings{loureiro2003redes,
  title={\uppercase{Redes de sensores sem fio}},
  author={Loureiro, Antonio AF and Nogueira, Jos{\'e} Marcos S and Ruiz, Linnyer Beatrys and Mini, Raquel Aparecida de Freitas and Nakamura, Eduardo Freire and Figueiredo, Carlos Maur{\i}cio Ser{\'o}dio},
  booktitle={Simp{\'o}sio Brasileiro de Redes de Computadores (SBRC)},
  pages={179--226},
  year={2003},
  organization={sn}
}


%%%%% sites

@misc{duracell-tests,
    title={\uppercase{1.5V AA Duracell Alkaline Battery Tests}},
    howpublished={Disponível em: \url{https://rightbattery.com/118-1-5v-aa-duracell-alkaline-battery-tests/}},
    year={2013},
    author={Right Battery},
    note={Acesso em: 6 de Novembro 2018}
}

@misc{low-power-lib,
    title={\uppercase{Lightweight low power library for Arduino}},
    howpublished={Disponível em: \url{https://github.com/rocketscream/Low-Power}},
    year={2018},
    author={Rocket Scream},
    note={Acesso em: 5 de Novembro de 2018}
}

@misc{paho-mqtt,
    title={\uppercase{Eclipse Paho JavaScript Client}},
    howpublished={Disponível em: \url{https://www.eclipse.org/paho/clients/js/}},
    year={2018},
    author={Eclipse Paho},
    note={Acesso em: 5 de Novembro de 2018}
}

@misc{mqtt-over-websockets,
    title={\uppercase{MQTT Essentials Special: MQTT over WebSockets}},
    howpublished={Disponível em: \url{https://www.hivemq.com/blog/mqtt-essentials-special-mqtt-over-websockets}},
    year={2016},
    author={The HiveMQ Team},
    note={Acesso em: 5 de Novembro 2018}
}

@misc{mqtt-diagram,
    title={\uppercase{MQTT Protocol Tutorial: Step by step guide}},
    howpublished={Disponível em: \url{https://www.survivingwithandroid.com/2016/10/mqtt-protocol-tutorial.html}},
    year={2016},
    author={Francesco Azzola},
    note={Acesso em: 21 de out. 2018}
}

@misc{placepod,
    title={\uppercase{Smart Parking}},
    howpublished={Disponível em: \url{https://www.pnicorp.com/smart-parking/}},
    year={2018},
    author={PNI Sensor},
    note={Acesso em: 5 de Setembro de 2018}
}

@misc{repoparking,
    title={\uppercase{Automatic Parking Detection}},
    year={2016},
    howpublished={Disponível em: \url{https://github.com/eladj/detectParking}},
    author={Elad Joseph},
    note={Acesso em: 7 de Junho de 2018}
}

@misc{magnet,
    title={\uppercase{Triple Axis Magnetometer - HMC5883L Breakout Quickstart Guide}},
    year={2011},
    howpublished={Disponível em: \url{https://www.sparkfun.com/tutorials/301}},
    author={Jordan Dee},
    note={Acesso em: 4 de Junho de 2018}
}

@misc{lorawan-specification,
    title={\uppercase{LoRaWAN 1.1 Specification}},
    year = {2017},
    howpublished={Disponível em: \url{https://lora-alliance.org/sites/default/files/2018-04/lorawantm_specification_-v1.1.pdf}},
    author = {LoRa® Alliance},
    note = {Acesso em: 31 de Maio de 2018}
}

@misc{lora-overview,
    title = {\uppercase{LoRaWAN What is it?}},
    subtitle = {A technical overview of LoRa® and LoRaWAN™},
    author = {LoRa® Alliance},
    year = {2015},
    howpublished={Disponível em: \url{https://docs.wixstatic.com/ugd/eccc1a_ed71ea1cd969417493c74e4a13c55685.pdf}},
    note = {Acesso em: 31 de Maio de 2018}
}

@misc{lora-arch,
    title = {\uppercase{What is LoRa?}},
    author = {Semtech},
    year = {2018},
    howpublished={Disponível em: \url{https://www.semtech.com/technology/lora/what-is-lora}},
    note = {Acesso em: 31 de Maio de 2018}
}


@misc{ttn-frequencies,
    title = {\uppercase{LoRaWAN Frequency Plans and Regulations by Country}},
    author = {TTN},
    year = {2018},
    howpublished={Disponível em: \url{https://www.thethingsnetwork.org/docs/lorawan/frequencies-by-country.html#b}},
    note = {Acesso em: 31 de Maio de 2018}
}

@misc{lora-symbol-generation,
	title = {\uppercase{LoRa: Symbol Generation: All about LoRa and LoRaWAN}},
	author = {Ghoslya},
	year = {2017},
	note = {Acesso em 31 de Maio de 2018},
	howpublished={Disponível em: \url{http://www.sghoslya.com/p/lora-is-chirp-spread-spectrum.html}}
}

@misc{klassen2011photoelectric,
  title={\uppercase{The photoelectric effect: Reconstructing the story for the physics classroom}},
  author={Klassen, Stephen},
  year={2011},
  publisher={Springer}
}

@misc{LightDep99:online,
    author = {Rakesh Bute},
    title = {\uppercase{Light Dependent Resistors (LDR) - Working, Construction, Symbol, Applications}},
    howpublished={Disponível em: \url{http://www.circuitstoday.com/ldr-light-dependent-resistors}},
    month = {8},
    year = {2009},
    note = {Acesso em: 26 de Abril de 2018}
}

@misc{resistorguide,
    title={\uppercase{\textbf{Photo Resistor}}},
    howpublished={Disponível em: \url{http://www.resistorguide.com/photoresistor/}},
    author={Resistor Guide},
    note={Acesso em: 26 de Abril de 2018},
    month={14},
    year={2012}
}

@misc{LightDep4:online,
    author={Electronics Notes},
    title = {\uppercase{Light Dependent Resistor LDR | Photoresistor | Electronics Notes}},
    howpublished = {Disponível em: \url{https://www.electronics-notes.com/articles/electronic_components/resistors/light-dependent-resistor-ldr.php}},
    moth={1},
    year={2017},
    note = {Acesso em: 26 de Abril de 2018)}
}

@misc{HowBrita11:online,
    author = {James Simpson},
    title = {HOW BRITAIN BEAT GERMANY’S MAGNETIC SEA MINES – WAR IS BORING – MEDIUM},
    howpublished = {Disponível em: \url{https://medium.com/war-is-boring/how-britain-beat-germanys-wwii-magnetic-sea-mines-bfec5558704c}},
    month = {11},
    year = {2014},
    note = {Acesso em: 12 de Abril de 2018)}
}

@misc{site:dll,
    title = {DIGITAL LIVING LAB},
    year = {2017},
    publisher = {UOW--SMART INFRASTRUCTURE FACILITY},
    author = {UOW \& SMART INFRASTRUCTURE FACILITY},
    howpublished = {Disponível em: \url{http://digitallivinglab.uow.edu.au/about/}},
    note = {Acesso em: 25 de Março de 2018}
}


@misc{site:mobilize,
    title={\uppercase{Pense antes de estacionar}},
    subtitle={Sistema inteligente para encontrar vagas de São Francisco (EUA) pode melhorar a ocupação das ruas nas cidades brasileiras},
    author={Victoria Broadus},
    year={2012},
    howpublished={Disponível em: \url{http://www.mobilize.org.br/noticias/2565/sistema-inteligente-para-encontrar-vagas-de-sao-francisco-eua.html}},
    note={Acesso em: 05 de Setembro de 2018}
}

@misc{site:g1,
  author = {Thiago Reis},
  title = {\uppercase{Com aumento da frota, país tem 1 automóvel para cada 4 habitantes}},
  year = {2014},
  howpublished={Disponível em: \url{http://g1.globo.com/brasil/noticia/2014/03/com-aumento-da-frota-pais-tem-1-automovel-para-cada-4-habitantes.html}},
  note={Acesso em: 05 de Setembro de 2018}
}

@misc{site:cnt,
  author = {CNT},
  title = {\uppercase{Anuário CNT do Transporte}},
  year = {2017},
  howpublished={Disponível em: \url{http://anuariodotransporte.cnt.org.br/2017/}},
  urldate = {2017},
  note={Acesso em: 05 de Setembro de 2018}
}

@misc{bootloader-8mhz,
    author={Arduino},
    title = {\uppercase{From Arduino to a Microcontroller on a Breadboard}},
    year = {2018},
    howpublished={Disponível em: \url{https://www.arduino.cc/en/Tutorial/ArduinoToBreadboard}},
    note = {Acesso em: 07 de Novembro de 2018}
}


@misc{bufsm-site,
    author = {Matheus Dal Mago, Matheus Piotroski Neis e Matheus Rabuske},
    title = {\uppercase{BUFSM - Um Baita Ônibus}},
    year = {2017},
    howpublished={Disponível em: \url{https://bufsm.github.io/}},
    note = {Acesso em: 10 de Novembro de 2018}
}